@book{MEYER,
author =	"Martin Meyer",
title =		"Grundlagen der Informationstechnik",
publisher =	"Vieweg",
year =		{2012},
address =	"Wiesbaden",
}

@book{HUFSCHMID,
author =	"Markus Hufschmid",
title =		"Information und Kommunikation",
publisher =	"Springer Vieweg",
year =		"2007",
address =	"Wiesbaden"
}

@book{RENNERT,
author =	"Ines Rennert and Bernhard Bundschuh",
title =		"Signale und Systeme",
publisher =	"Carl Hanser Verlag",
year =		"2013",
address =	"München",
}

@book{BLAUERT,
author =	"Jens Blauert and Ning Xiang",
title =		"Acoustics for Engineers",
publisher =	"Springer",
year =		"2008",
address =	"Berlin Heidelberg",
}

@book{WOOH,
author =	"Shi-Chang Wooh and Yijun Shi",
title =		"Optimization of ultrasonic phased arrays",
journal = 	"Review of Progress in Quantitative Nondestructive Evaluation Vo. 17A, (1998), pp. 883–890",
publisher =	"Massachusetts Institute of Technology, Department of Civil and Environmental Engineering",
year =		"2008",
address =	"Cambridge, Massachusetts, United States",
}

@book{HERING,
author =	"Ekbert Hering, Rolf Martin and Martin Stohrer",
title =		"Physik für Ingenieure",
publisher =	"Springer",
year =		"2008",
address =	"Berlin Heidelberg",
}

@book{KOHLRAUSCH,
author =	"Friedrich Kohlrausch",
title =		"Praktische Physik Band 1",
publisher =	"B. G. Teubner",
year =		"1996",
address =	"Stuttgart",
}

@book{KOHLRAUSCH_TABELLEN,
author =	"Friedrich Kohlrausch",
title =		"Praktische Physik Band 3 Tabellen und Diagramme",
publisher =	"B. G. Teubner",
year =		"1986",
address =	"Stuttgart",
}

@book{SKUDRZYK,
author =	"Eugen Skudrzyk",
title =		"Die Grundlagen der Akustik",
publisher =	"Springer",
year =		"1954",
address =	"Wien",
}

@book{LOOSER,
author =	"Herbert Looser",
title =		"Physiklabor W12 Ultraschall",
publisher =	"FHNW",
howpublished =	"geschlossene Quelle",
year =		"2015",
address =	"Brugg AG",
}

@article{GUT,
author =	"Richard Gut and Peter Kreiert and George Moschytz",
title =		"Trellis-Based Deconvolution of Ultrasonic Echoes",
journal = 	"IEEE",
year =		"1991",
}

@book{ELECTROMAGNETICS,
author =	"John D. Kraus and Keith R. Carver",
publisher =	"Kosaido Printing Co",
year =		"1981",
title =		"Electromagnetics -- Second Edition",
address =	"Tokyo",
}

@book{VISSER,
author =	"Hubregt J Visser",
publisher =	"Wiley",
year =		"2005",
title =		"Array and Phased Array Antenna Basics",
address =	"West Sussex",
}
