@Article{BUCH,
author = {Author},
title = {Title},
journal = {journal},
year = {2000},
}
